@article{A_DMAHC,
author="Hian Chye Koh and Gerald Tan",
title="Data Mining Applications in Healthcare",
year="2011"}